%YAML 1.1
%TAG !u! tag:unity3d.com,2011:
--- !u!1 &5700819452398594081
GameObject:
  m_ObjectHideFlags: 0
  m_CorrespondingSourceObject: {fileID: 0}
  m_PrefabInstance: {fileID: 0}
  m_PrefabAsset: {fileID: 0}
  serializedVersion: 6
  m_Component:
  - component: {fileID: 5700819452398760961}
  m_Layer: 0
  m_Name: Chest
  m_TagString: Untagged
  m_Icon: {fileID: 0}
  m_NavMeshLayer: 0
  m_StaticEditorFlags: 0
  m_IsActive: 1
--- !u!4 &5700819452398760961
Transform:
  m_ObjectHideFlags: 0
  m_CorrespondingSourceObject: {fileID: 0}
  m_PrefabInstance: {fileID: 0}
  m_PrefabAsset: {fileID: 0}
  m_GameObject: {fileID: 5700819452398594081}
  m_LocalRotation: {x: -0.000000222933, y: 0.16275197, z: 0.00000006338039, w: 0.98666704}
  m_LocalPosition: {x: -0.4248118, y: 0.00000003207241, z: 0.000000004470348}
  m_LocalScale: {x: 0.9999999, y: 1, z: 0.9999999}
  m_Children:
  - {fileID: 5700819452398761015}
  - {fileID: 5700819452398761013}
  - {fileID: 5700819452398761003}
  m_Father: {fileID: 5700819452398761007}
  m_RootOrder: 0
  m_LocalEulerAnglesHint: {x: 0.09322181, y: 23.229815, z: 1.7708379}
--- !u!1 &5700819452398594083
GameObject:
  m_ObjectHideFlags: 0
  m_CorrespondingSourceObject: {fileID: 0}
  m_PrefabInstance: {fileID: 0}
  m_PrefabAsset: {fileID: 0}
  serializedVersion: 6
  m_Component:
  - component: {fileID: 5700819452398760963}
  - component: {fileID: 5700819452384929083}
  m_Layer: 0
  m_Name: Boar
  m_TagString: Untagged
  m_Icon: {fileID: 0}
  m_NavMeshLayer: 0
  m_StaticEditorFlags: 0
  m_IsActive: 1
--- !u!4 &5700819452398760963
Transform:
  m_ObjectHideFlags: 0
  m_CorrespondingSourceObject: {fileID: 0}
  m_PrefabInstance: {fileID: 0}
  m_PrefabAsset: {fileID: 0}
  m_GameObject: {fileID: 5700819452398594083}
  m_LocalRotation: {x: 0, y: -0, z: -0, w: 1}
  m_LocalPosition: {x: -0, y: 0, z: 0}
  m_LocalScale: {x: 1, y: 1, z: 1}
  m_Children: []
  m_Father: {fileID: 5700819452398760973}
  m_RootOrder: 1
  m_LocalEulerAnglesHint: {x: 0, y: 0, z: 0}
--- !u!137 &5700819452384929083
SkinnedMeshRenderer:
  m_ObjectHideFlags: 0
  m_CorrespondingSourceObject: {fileID: 0}
  m_PrefabInstance: {fileID: 0}
  m_PrefabAsset: {fileID: 0}
  m_GameObject: {fileID: 5700819452398594083}
  m_Enabled: 1
  m_CastShadows: 1
  m_ReceiveShadows: 1
  m_DynamicOccludee: 1
  m_MotionVectors: 1
  m_LightProbeUsage: 1
  m_ReflectionProbeUsage: 1
  m_RayTracingMode: 3
  m_RayTraceProcedural: 0
  m_RenderingLayerMask: 1
  m_RendererPriority: 0
  m_Materials:
  - {fileID: 2100000, guid: 14c2f35dd5e58e44ea6f56f558ad9c84, type: 2}
  m_StaticBatchInfo:
    firstSubMesh: 0
    subMeshCount: 0
  m_StaticBatchRoot: {fileID: 0}
  m_ProbeAnchor: {fileID: 0}
  m_LightProbeVolumeOverride: {fileID: 0}
  m_ScaleInLightmap: 1
  m_ReceiveGI: 1
  m_PreserveUVs: 0
  m_IgnoreNormalsForChartDetection: 0
  m_ImportantGI: 0
  m_StitchLightmapSeams: 1
  m_SelectedEditorRenderState: 3
  m_MinimumChartSize: 4
  m_AutoUVMaxDistance: 0.5
  m_AutoUVMaxAngle: 89
  m_LightmapParameters: {fileID: 0}
  m_SortingLayerID: 0
  m_SortingLayer: 0
  m_SortingOrder: 0
  serializedVersion: 2
  m_Quality: 0
  m_UpdateWhenOffscreen: 0
  m_SkinnedMotionVectors: 1
  m_Mesh: {fileID: 4300000, guid: 1b38d20d3f0172743b5f14e4835aa86a, type: 3}
  m_Bones:
  - {fileID: 5700819452398761001}
  - {fileID: 5700819452398761007}
  - {fileID: 5700819452398760961}
  - {fileID: 5700819452398761003}
  - {fileID: 5700819452398760995}
  - {fileID: 5700819452398761005}
  - {fileID: 5700819452398761015}
  - {fileID: 5700819452398761011}
  - {fileID: 5700819452398761013}
  - {fileID: 5700819452398761009}
  - {fileID: 5700819452398760969}
  - {fileID: 5700819452398760981}
  - {fileID: 5700819452398760993}
  - {fileID: 5700819452398760999}
  - {fileID: 5700819452398760997}
  - {fileID: 5700819452398760975}
  - {fileID: 5700819452398760971}
  - {fileID: 5700819452398761019}
  - {fileID: 5700819452398760989}
  - {fileID: 5700819452398761021}
  - {fileID: 5700819452398760983}
  m_BlendShapeWeights: []
  m_RootBone: {fileID: 5700819452398761001}
  m_AABB:
    m_Center: {x: -0.7147707, y: -0.006647244, z: -0.10595113}
    m_Extent: {x: 0.82123315, y: 0.33068877, z: 0.60643905}
  m_DirtyAABB: 0
--- !u!1 &5700819452398594085
GameObject:
  m_ObjectHideFlags: 0
  m_CorrespondingSourceObject: {fileID: 0}
  m_PrefabInstance: {fileID: 0}
  m_PrefabAsset: {fileID: 0}
  serializedVersion: 6
  m_Component:
  - component: {fileID: 5700819452398760965}
  m_Layer: 0
  m_Name: Front_Foot_IK_R
  m_TagString: Untagged
  m_Icon: {fileID: 0}
  m_NavMeshLayer: 0
  m_StaticEditorFlags: 0
  m_IsActive: 1
--- !u!4 &5700819452398760965
Transform:
  m_ObjectHideFlags: 0
  m_CorrespondingSourceObject: {fileID: 0}
  m_PrefabInstance: {fileID: 0}
  m_PrefabAsset: {fileID: 0}
  m_GameObject: {fileID: 5700819452398594085}
  m_LocalRotation: {x: 0, y: -0, z: -0.7071067, w: 0.7071068}
  m_LocalPosition: {x: 0.23483635, y: -0.46772522, z: 0.10351424}
  m_LocalScale: {x: 1, y: 1, z: 1}
  m_Children:
  - {fileID: 5700819452398761021}
  m_Father: {fileID: 5700819452398760987}
  m_RootOrder: 5
  m_LocalEulerAnglesHint: {x: -4.5097995, y: -0.00000021977267, z: -89.99999}
--- !u!1 &5700819452398594087
GameObject:
  m_ObjectHideFlags: 0
  m_CorrespondingSourceObject: {fileID: 0}
  m_PrefabInstance: {fileID: 0}
  m_PrefabAsset: {fileID: 0}
  serializedVersion: 6
  m_Component:
  - component: {fileID: 5700819452398760967}
  m_Layer: 0
  m_Name: Front_Foot_IK_L
  m_TagString: Untagged
  m_Icon: {fileID: 0}
  m_NavMeshLayer: 0
  m_StaticEditorFlags: 0
  m_IsActive: 1
--- !u!4 &5700819452398760967
Transform:
  m_ObjectHideFlags: 0
  m_CorrespondingSourceObject: {fileID: 0}
  m_PrefabInstance: {fileID: 0}
  m_PrefabAsset: {fileID: 0}
  m_GameObject: {fileID: 5700819452398594087}
  m_LocalRotation: {x: 0, y: -0, z: -0.7071067, w: 0.7071068}
  m_LocalPosition: {x: -0.23483635, y: -0.48273855, z: 0.10351424}
  m_LocalScale: {x: 1, y: 1, z: 1}
  m_Children:
  - {fileID: 5700819452398761019}
  m_Father: {fileID: 5700819452398760987}
  m_RootOrder: 4
  m_LocalEulerAnglesHint: {x: -4.5097995, y: -0.00000021977267, z: -89.99999}
--- !u!1 &5700819452398594089
GameObject:
  m_ObjectHideFlags: 0
  m_CorrespondingSourceObject: {fileID: 0}
  m_PrefabInstance: {fileID: 0}
  m_PrefabAsset: {fileID: 0}
  serializedVersion: 6
  m_Component:
  - component: {fileID: 5700819452398760969}
  m_Layer: 0
  m_Name: Back_Thigh_L
  m_TagString: Untagged
  m_Icon: {fileID: 0}
  m_NavMeshLayer: 0
  m_StaticEditorFlags: 0
  m_IsActive: 1
--- !u!4 &5700819452398760969
Transform:
  m_ObjectHideFlags: 0
  m_CorrespondingSourceObject: {fileID: 0}
  m_PrefabInstance: {fileID: 0}
  m_PrefabAsset: {fileID: 0}
  m_GameObject: {fileID: 5700819452398594089}
  m_LocalRotation: {x: 0.02032816, y: -0.76823395, z: -0.014885124, w: 0.6396733}
  m_LocalPosition: {x: -0.13783236, y: 0.19441329, z: -0.07576982}
  m_LocalScale: {x: 0.9999999, y: 0.9999999, z: 0.9999999}
  m_Children:
  - {fileID: 5700819452398760981}
  m_Father: {fileID: 5700819452398761001}
  m_RootOrder: 0
  m_LocalEulerAnglesHint: {x: -0.5021904, y: -120.475266, z: -2.032649}
--- !u!1 &5700819452398594091
GameObject:
  m_ObjectHideFlags: 0
  m_CorrespondingSourceObject: {fileID: 0}
  m_PrefabInstance: {fileID: 0}
  m_PrefabAsset: {fileID: 0}
  serializedVersion: 6
  m_Component:
  - component: {fileID: 5700819452398760971}
  m_Layer: 0
  m_Name: Back_Shin_R
  m_TagString: Untagged
  m_Icon: {fileID: 0}
  m_NavMeshLayer: 0
  m_StaticEditorFlags: 0
  m_IsActive: 1
--- !u!4 &5700819452398760971
Transform:
  m_ObjectHideFlags: 0
  m_CorrespondingSourceObject: {fileID: 0}
  m_PrefabInstance: {fileID: 0}
  m_PrefabAsset: {fileID: 0}
  m_GameObject: {fileID: 5700819452398594091}
  m_LocalRotation: {x: 0.028932203, y: 0.0013278704, z: 0.00003917458, w: 0.9995805}
  m_LocalPosition: {x: -0.3404498, y: 0.000000007823109, z: 0.000000016763805}
  m_LocalScale: {x: 1.0000001, y: 1, z: 1.0000001}
  m_Children: []
  m_Father: {fileID: 5700819452398760975}
  m_RootOrder: 0
  m_LocalEulerAnglesHint: {x: 3.017601, y: 24.7661, z: 1.404484}
--- !u!1 &5700819452398594093
GameObject:
  m_ObjectHideFlags: 0
  m_CorrespondingSourceObject: {fileID: 0}
  m_PrefabInstance: {fileID: 0}
  m_PrefabAsset: {fileID: 0}
  serializedVersion: 6
  m_Component:
  - component: {fileID: 5700819452398760973}
  - component: {fileID: 5700819452389202939}
  - component: {fileID: 6484152775412565095}
  - component: {fileID: 1814787905333985891}
  - component: {fileID: 2587422913024147464}
  - component: {fileID: 6669897773008856516}
  - component: {fileID: 8374443647622908823}
  m_Layer: 10
  m_Name: Boar
  m_TagString: Enemy
  m_Icon: {fileID: 0}
  m_NavMeshLayer: 0
  m_StaticEditorFlags: 0
  m_IsActive: 1
--- !u!4 &5700819452398760973
Transform:
  m_ObjectHideFlags: 0
  m_CorrespondingSourceObject: {fileID: 0}
  m_PrefabInstance: {fileID: 0}
  m_PrefabAsset: {fileID: 0}
  m_GameObject: {fileID: 5700819452398594093}
  m_LocalRotation: {x: 0, y: 0, z: 0, w: 1}
  m_LocalPosition: {x: 27.58, y: 18.004, z: 115.85}
  m_LocalScale: {x: 1, y: 1, z: 1}
  m_Children:
  - {fileID: 5700819452398760987}
  - {fileID: 5700819452398760963}
  - {fileID: 5167007415501655687}
  m_Father: {fileID: 0}
  m_RootOrder: 0
  m_LocalEulerAnglesHint: {x: 0, y: 0, z: 0}
--- !u!95 &5700819452389202939
Animator:
  serializedVersion: 3
  m_ObjectHideFlags: 0
  m_CorrespondingSourceObject: {fileID: 0}
  m_PrefabInstance: {fileID: 0}
  m_PrefabAsset: {fileID: 0}
  m_GameObject: {fileID: 5700819452398594093}
  m_Enabled: 1
  m_Avatar: {fileID: 9000000, guid: 1b38d20d3f0172743b5f14e4835aa86a, type: 3}
  m_Controller: {fileID: 9100000, guid: 7d2765e52203e2340b7784334b7aeea7, type: 2}
  m_CullingMode: 1
  m_UpdateMode: 0
  m_ApplyRootMotion: 0
  m_LinearVelocityBlending: 0
  m_WarningMessage: 
  m_HasTransformHierarchy: 1
  m_AllowConstantClipSamplingOptimization: 1
  m_KeepAnimatorControllerStateOnDisable: 0
--- !u!65 &6484152775412565095
BoxCollider:
  m_ObjectHideFlags: 0
  m_CorrespondingSourceObject: {fileID: 0}
  m_PrefabInstance: {fileID: 0}
  m_PrefabAsset: {fileID: 0}
  m_GameObject: {fileID: 5700819452398594093}
  m_Material: {fileID: 0}
  m_IsTrigger: 0
  m_Enabled: 1
  serializedVersion: 2
  m_Size: {x: 0.52, y: 0.91, z: 1.3}
  m_Center: {x: 0, y: 0.45, z: 0.35}
--- !u!195 &1814787905333985891
NavMeshAgent:
  m_ObjectHideFlags: 0
  m_CorrespondingSourceObject: {fileID: 0}
  m_PrefabInstance: {fileID: 0}
  m_PrefabAsset: {fileID: 0}
  m_GameObject: {fileID: 5700819452398594093}
  m_Enabled: 1
  m_AgentTypeID: 0
  m_Radius: 0.48
  m_Speed: 3.5
  m_Acceleration: 8
  avoidancePriority: 50
  m_AngularSpeed: 800
  m_StoppingDistance: 0
  m_AutoTraverseOffMeshLink: 1
  m_AutoBraking: 1
  m_AutoRepath: 1
  m_Height: 0.93
  m_BaseOffset: 0
  m_WalkableMask: 4294967295
  m_ObstacleAvoidanceType: 4
--- !u!114 &2587422913024147464
MonoBehaviour:
  m_ObjectHideFlags: 0
  m_CorrespondingSourceObject: {fileID: 0}
  m_PrefabInstance: {fileID: 0}
  m_PrefabAsset: {fileID: 0}
  m_GameObject: {fileID: 5700819452398594093}
  m_Enabled: 1
  m_EditorHideFlags: 0
  m_Script: {fileID: 11500000, guid: f252698f9f1d3694ca09ae8f12112e43, type: 3}
  m_Name: 
  m_EditorClassIdentifier: 
--- !u!114 &6669897773008856516
MonoBehaviour:
  m_ObjectHideFlags: 0
  m_CorrespondingSourceObject: {fileID: 0}
  m_PrefabInstance: {fileID: 0}
  m_PrefabAsset: {fileID: 0}
  m_GameObject: {fileID: 5700819452398594093}
  m_Enabled: 1
  m_EditorHideFlags: 0
  m_Script: {fileID: 11500000, guid: fa60277e5b3c90a4bb812204a9f30c32, type: 3}
  m_Name: 
  m_EditorClassIdentifier: 
  walk_Speed: 105
  run_Speed: 5
  chase_Distance: 15
  attack_Distance: 2
  chase_After_Attack_Distance: 1
  patrol_Radius_Min: 20
  patrol_Radius_Max: 60
  patrol_For_This_Time: 15
  wait_Before_Attack: 2
  attack_Point: {fileID: 5751556184271397582}
--- !u!114 &8374443647622908823
MonoBehaviour:
  m_ObjectHideFlags: 0
  m_CorrespondingSourceObject: {fileID: 0}
  m_PrefabInstance: {fileID: 0}
  m_PrefabAsset: {fileID: 0}
  m_GameObject: {fileID: 5700819452398594093}
  m_Enabled: 1
  m_EditorHideFlags: 0
  m_Script: {fileID: 11500000, guid: 2bb17419f85ec0945ad708f09efc7ea9, type: 3}
  m_Name: 
  m_EditorClassIdentifier: 
  health: 100
  is_Player: 0
  is_Enemy: 1
  is_Cannibal: 0
  is_Boar: 1
--- !u!1 &5700819452398594095
GameObject:
  m_ObjectHideFlags: 0
  m_CorrespondingSourceObject: {fileID: 0}
  m_PrefabInstance: {fileID: 0}
  m_PrefabAsset: {fileID: 0}
  serializedVersion: 6
  m_Component:
  - component: {fileID: 5700819452398760975}
  m_Layer: 0
  m_Name: Back_Thigh_R
  m_TagString: Untagged
  m_Icon: {fileID: 0}
  m_NavMeshLayer: 0
  m_StaticEditorFlags: 0
  m_IsActive: 1
--- !u!4 &5700819452398760975
Transform:
  m_ObjectHideFlags: 0
  m_CorrespondingSourceObject: {fileID: 0}
  m_PrefabInstance: {fileID: 0}
  m_PrefabAsset: {fileID: 0}
  m_GameObject: {fileID: 5700819452398594095}
  m_LocalRotation: {x: 0.0016663596, y: -0.77040577, z: 0.042147454, w: 0.63615716}
  m_LocalPosition: {x: -0.13783236, y: -0.19441351, z: -0.075769074}
  m_LocalScale: {x: 1, y: 1, z: 0.9999999}
  m_Children:
  - {fileID: 5700819452398760971}
  m_Father: {fileID: 5700819452398761001}
  m_RootOrder: 1
  m_LocalEulerAnglesHint: {x: 4.800645, y: -119.91626, z: 2.2033033}
--- !u!1 &5700819452398594097
GameObject:
  m_ObjectHideFlags: 0
  m_CorrespondingSourceObject: {fileID: 0}
  m_PrefabInstance: {fileID: 0}
  m_PrefabAsset: {fileID: 0}
  serializedVersion: 6
  m_Component:
  - component: {fileID: 5700819452398760977}
  m_Layer: 0
  m_Name: Back_Foot_Pole_R
  m_TagString: Untagged
  m_Icon: {fileID: 0}
  m_NavMeshLayer: 0
  m_StaticEditorFlags: 0
  m_IsActive: 1
--- !u!4 &5700819452398760977
Transform:
  m_ObjectHideFlags: 0
  m_CorrespondingSourceObject: {fileID: 0}
  m_PrefabInstance: {fileID: 0}
  m_PrefabAsset: {fileID: 0}
  m_GameObject: {fileID: 5700819452398594097}
  m_LocalRotation: {x: 0.5000001, y: 0.4999999, z: -0.50000006, w: 0.49999997}
  m_LocalPosition: {x: 0.22041932, y: 0.7188518, z: 0.107760005}
  m_LocalScale: {x: 0.99999994, y: 1, z: 0.99999994}
  m_Children: []
  m_Father: {fileID: 5700819452398760987}
  m_RootOrder: 3
  m_LocalEulerAnglesHint: {x: 90, y: 89.99999, z: 0}
--- !u!1 &5700819452398594099
GameObject:
  m_ObjectHideFlags: 0
  m_CorrespondingSourceObject: {fileID: 0}
  m_PrefabInstance: {fileID: 0}
  m_PrefabAsset: {fileID: 0}
  serializedVersion: 6
  m_Component:
  - component: {fileID: 5700819452398760979}
  m_Layer: 0
  m_Name: Back_Foot_Pole_L
  m_TagString: Untagged
  m_Icon: {fileID: 0}
  m_NavMeshLayer: 0
  m_StaticEditorFlags: 0
  m_IsActive: 1
--- !u!4 &5700819452398760979
Transform:
  m_ObjectHideFlags: 0
  m_CorrespondingSourceObject: {fileID: 0}
  m_PrefabInstance: {fileID: 0}
  m_PrefabAsset: {fileID: 0}
  m_GameObject: {fileID: 5700819452398594099}
  m_LocalRotation: {x: 0.5000001, y: 0.4999999, z: -0.50000006, w: 0.49999997}
  m_LocalPosition: {x: -0.22041932, y: 0.72011125, z: 0.107760005}
  m_LocalScale: {x: 0.99999994, y: 1, z: 0.99999994}
  m_Children: []
  m_Father: {fileID: 5700819452398760987}
  m_RootOrder: 2
  m_LocalEulerAnglesHint: {x: 90, y: 89.99999, z: 0}
--- !u!1 &5700819452398594101
GameObject:
  m_ObjectHideFlags: 0
  m_CorrespondingSourceObject: {fileID: 0}
  m_PrefabInstance: {fileID: 0}
  m_PrefabAsset: {fileID: 0}
  serializedVersion: 6
  m_Component:
  - component: {fileID: 5700819452398760981}
  m_Layer: 0
  m_Name: Back_Shin_L
  m_TagString: Untagged
  m_Icon: {fileID: 0}
  m_NavMeshLayer: 0
  m_StaticEditorFlags: 0
  m_IsActive: 1
--- !u!4 &5700819452398760981
Transform:
  m_ObjectHideFlags: 0
  m_CorrespondingSourceObject: {fileID: 0}
  m_PrefabInstance: {fileID: 0}
  m_PrefabAsset: {fileID: 0}
  m_GameObject: {fileID: 5700819452398594101}
  m_LocalRotation: {x: -0.0026831946, y: 0.029957982, z: -0.0020086695, w: 0.9995456}
  m_LocalPosition: {x: -0.34044978, y: 0.0000000033527612, z: 0.00000002766028}
  m_LocalScale: {x: 1.0000001, y: 1.0000001, z: 1}
  m_Children: []
  m_Father: {fileID: 5700819452398760969}
  m_RootOrder: 0
  m_LocalEulerAnglesHint: {x: 0.2496651, y: 30.743317, z: -2.0411742}
--- !u!1 &5700819452398594103
GameObject:
  m_ObjectHideFlags: 0
  m_CorrespondingSourceObject: {fileID: 0}
  m_PrefabInstance: {fileID: 0}
  m_PrefabAsset: {fileID: 0}
  serializedVersion: 6
  m_Component:
  - component: {fileID: 5700819452398760983}
  m_Layer: 0
  m_Name: Back_Foot_R
  m_TagString: Untagged
  m_Icon: {fileID: 0}
  m_NavMeshLayer: 0
  m_StaticEditorFlags: 0
  m_IsActive: 1
--- !u!4 &5700819452398760983
Transform:
  m_ObjectHideFlags: 0
  m_CorrespondingSourceObject: {fileID: 0}
  m_PrefabInstance: {fileID: 0}
  m_PrefabAsset: {fileID: 0}
  m_GameObject: {fileID: 5700819452398594103}
  m_LocalRotation: {x: 0.45594856, y: 0.003033618, z: 0.88998735, w: -0.0049177906}
  m_LocalPosition: {x: 0.0150133055, y: -0.0000000089901695, z: 0}
  m_LocalScale: {x: 0.99999964, y: 0.99999994, z: 0.9999997}
  m_Children: []
  m_Father: {fileID: 5700819452398760991}
  m_RootOrder: 0
  m_LocalEulerAnglesHint: {x: -0.5663387, y: 54.251247, z: -179.65692}
--- !u!1 &5700819452398594105
GameObject:
  m_ObjectHideFlags: 0
  m_CorrespondingSourceObject: {fileID: 0}
  m_PrefabInstance: {fileID: 0}
  m_PrefabAsset: {fileID: 0}
  serializedVersion: 6
  m_Component:
  - component: {fileID: 5700819452398760985}
  m_Layer: 0
  m_Name: Back_Foot_IK_L
  m_TagString: Untagged
  m_Icon: {fileID: 0}
  m_NavMeshLayer: 0
  m_StaticEditorFlags: 0
  m_IsActive: 1
--- !u!4 &5700819452398760985
Transform:
  m_ObjectHideFlags: 0
  m_CorrespondingSourceObject: {fileID: 0}
  m_PrefabInstance: {fileID: 0}
  m_PrefabAsset: {fileID: 0}
  m_GameObject: {fileID: 5700819452398594105}
  m_LocalRotation: {x: 0, y: -0, z: -0.7071067, w: 0.7071068}
  m_LocalPosition: {x: -0.22041932, y: 0.35461405, z: 0.107760005}
  m_LocalScale: {x: 1, y: 1, z: 1}
  m_Children:
  - {fileID: 5700819452398760989}
  m_Father: {fileID: 5700819452398760987}
  m_RootOrder: 0
  m_LocalEulerAnglesHint: {x: 0, y: 0, z: -89.999985}
--- !u!1 &5700819452398594107
GameObject:
  m_ObjectHideFlags: 0
  m_CorrespondingSourceObject: {fileID: 0}
  m_PrefabInstance: {fileID: 0}
  m_PrefabAsset: {fileID: 0}
  serializedVersion: 6
  m_Component:
  - component: {fileID: 5700819452398760987}
  m_Layer: 0
  m_Name: Armature
  m_TagString: Untagged
  m_Icon: {fileID: 0}
  m_NavMeshLayer: 0
  m_StaticEditorFlags: 0
  m_IsActive: 1
--- !u!4 &5700819452398760987
Transform:
  m_ObjectHideFlags: 0
  m_CorrespondingSourceObject: {fileID: 0}
  m_PrefabInstance: {fileID: 0}
  m_PrefabAsset: {fileID: 0}
  m_GameObject: {fileID: 5700819452398594107}
  m_LocalRotation: {x: -0.7071068, y: 0, z: -0, w: 0.7071068}
  m_LocalPosition: {x: -0, y: 0, z: 0}
  m_LocalScale: {x: 1, y: 1, z: 1}
  m_Children:
  - {fileID: 5700819452398760985}
  - {fileID: 5700819452398760991}
  - {fileID: 5700819452398760979}
  - {fileID: 5700819452398760977}
  - {fileID: 5700819452398760967}
  - {fileID: 5700819452398760965}
  - {fileID: 5700819452398761017}
  - {fileID: 5700819452398761023}
  - {fileID: 5700819452398761001}
  m_Father: {fileID: 5700819452398760973}
  m_RootOrder: 0
  m_LocalEulerAnglesHint: {x: -90, y: 0, z: 0}
--- !u!1 &5700819452398594109
GameObject:
  m_ObjectHideFlags: 0
  m_CorrespondingSourceObject: {fileID: 0}
  m_PrefabInstance: {fileID: 0}
  m_PrefabAsset: {fileID: 0}
  serializedVersion: 6
  m_Component:
  - component: {fileID: 5700819452398760989}
  m_Layer: 0
  m_Name: Back_Foot_L
  m_TagString: Untagged
  m_Icon: {fileID: 0}
  m_NavMeshLayer: 0
  m_StaticEditorFlags: 0
  m_IsActive: 1
--- !u!4 &5700819452398760989
Transform:
  m_ObjectHideFlags: 0
  m_CorrespondingSourceObject: {fileID: 0}
  m_PrefabInstance: {fileID: 0}
  m_PrefabAsset: {fileID: 0}
  m_GameObject: {fileID: 5700819452398594109}
  m_LocalRotation: {x: 0.45597032, y: 0.010623244, z: 0.8899292, w: -0.0020792263}
  m_LocalPosition: {x: -0.000000016641195, y: 0.000000008891223, z: 0}
  m_LocalScale: {x: 0.99999976, y: 0.99999994, z: 0.9999997}
  m_Children: []
  m_Father: {fileID: 5700819452398760985}
  m_RootOrder: 0
  m_LocalEulerAnglesHint: {x: -1.1920688, y: 54.26177, z: 179.65689}
--- !u!1 &5700819452398594111
GameObject:
  m_ObjectHideFlags: 0
  m_CorrespondingSourceObject: {fileID: 0}
  m_PrefabInstance: {fileID: 0}
  m_PrefabAsset: {fileID: 0}
  serializedVersion: 6
  m_Component:
  - component: {fileID: 5700819452398760991}
  m_Layer: 0
  m_Name: Back_Foot_IK_R
  m_TagString: Untagged
  m_Icon: {fileID: 0}
  m_NavMeshLayer: 0
  m_StaticEditorFlags: 0
  m_IsActive: 1
--- !u!4 &5700819452398760991
Transform:
  m_ObjectHideFlags: 0
  m_CorrespondingSourceObject: {fileID: 0}
  m_PrefabInstance: {fileID: 0}
  m_PrefabAsset: {fileID: 0}
  m_GameObject: {fileID: 5700819452398594111}
  m_LocalRotation: {x: 0, y: -0, z: -0.7071067, w: 0.7071068}
  m_LocalPosition: {x: 0.22041932, y: 0.36962733, z: 0.107760005}
  m_LocalScale: {x: 1, y: 1, z: 1}
  m_Children:
  - {fileID: 5700819452398760983}
  m_Father: {fileID: 5700819452398760987}
  m_RootOrder: 1
  m_LocalEulerAnglesHint: {x: 0, y: 0, z: -89.999985}
--- !u!1 &5700819452398594113
GameObject:
  m_ObjectHideFlags: 0
  m_CorrespondingSourceObject: {fileID: 0}
  m_PrefabInstance: {fileID: 0}
  m_PrefabAsset: {fileID: 0}
  serializedVersion: 6
  m_Component:
  - component: {fileID: 5700819452398760993}
  m_Layer: 0
  m_Name: Tail_01
  m_TagString: Untagged
  m_Icon: {fileID: 0}
  m_NavMeshLayer: 0
  m_StaticEditorFlags: 0
  m_IsActive: 1
--- !u!4 &5700819452398760993
Transform:
  m_ObjectHideFlags: 0
  m_CorrespondingSourceObject: {fileID: 0}
  m_PrefabInstance: {fileID: 0}
  m_PrefabAsset: {fileID: 0}
  m_GameObject: {fileID: 5700819452398594113}
  m_LocalRotation: {x: 0.5733825, y: 0.00000079145786, z: 0.81928784, w: 0.00000044798367}
  m_LocalPosition: {x: 0.027765501, y: -0.0000000155457, z: -0.0076094847}
  m_LocalScale: {x: 0.99999964, y: 1, z: 0.9999999}
  m_Children:
  - {fileID: 5700819452398760999}
  m_Father: {fileID: 5700819452398761001}
  m_RootOrder: 3
  m_LocalEulerAnglesHint: {x: 0.4886532, y: 33.749134, z: 178.80283}
--- !u!1 &5700819452398594115
GameObject:
  m_ObjectHideFlags: 0
  m_CorrespondingSourceObject: {fileID: 0}
  m_PrefabInstance: {fileID: 0}
  m_PrefabAsset: {fileID: 0}
  serializedVersion: 6
  m_Component:
  - component: {fileID: 5700819452398760995}
  m_Layer: 0
  m_Name: Snout
  m_TagString: Untagged
  m_Icon: {fileID: 0}
  m_NavMeshLayer: 0
  m_StaticEditorFlags: 0
  m_IsActive: 1
--- !u!4 &5700819452398760995
Transform:
  m_ObjectHideFlags: 0
  m_CorrespondingSourceObject: {fileID: 0}
  m_PrefabInstance: {fileID: 0}
  m_PrefabAsset: {fileID: 0}
  m_GameObject: {fileID: 5700819452398594115}
  m_LocalRotation: {x: 7.2247236e-10, y: 0.009652991, z: -0.0000000014575973, w: 0.99995345}
  m_LocalPosition: {x: -0.35668164, y: 0.000000031460246, z: 0.030008731}
  m_LocalScale: {x: 1, y: 1, z: 1}
  m_Children:
  - {fileID: 3709079345095732503}
  m_Father: {fileID: 5700819452398761003}
  m_RootOrder: 1
  m_LocalEulerAnglesHint: {x: 0.0000001075375, y: 1.1061678, z: -0.00000021179525}
--- !u!1 &5700819452398594117
GameObject:
  m_ObjectHideFlags: 0
  m_CorrespondingSourceObject: {fileID: 0}
  m_PrefabInstance: {fileID: 0}
  m_PrefabAsset: {fileID: 0}
  serializedVersion: 6
  m_Component:
  - component: {fileID: 5700819452398760997}
  m_Layer: 0
  m_Name: Tail_03
  m_TagString: Untagged
  m_Icon: {fileID: 0}
  m_NavMeshLayer: 0
  m_StaticEditorFlags: 0
  m_IsActive: 1
--- !u!4 &5700819452398760997
Transform:
  m_ObjectHideFlags: 0
  m_CorrespondingSourceObject: {fileID: 0}
  m_PrefabInstance: {fileID: 0}
  m_PrefabAsset: {fileID: 0}
  m_GameObject: {fileID: 5700819452398594117}
  m_LocalRotation: {x: -0.00000021320075, y: -0.07863178, z: -0.000000029622234, w: 0.9969037}
  m_LocalPosition: {x: -0.12006493, y: 0.000000009064663, z: 0.00000012516975}
  m_LocalScale: {x: 1, y: 1, z: 1}
  m_Children: []
  m_Father: {fileID: 5700819452398760999}
  m_RootOrder: 0
  m_LocalEulerAnglesHint: {x: 0.90415525, y: -40.75968, z: 2.7923741}
--- !u!1 &5700819452398594119
GameObject:
  m_ObjectHideFlags: 0
  m_CorrespondingSourceObject: {fileID: 0}
  m_PrefabInstance: {fileID: 0}
  m_PrefabAsset: {fileID: 0}
  serializedVersion: 6
  m_Component:
  - component: {fileID: 5700819452398760999}
  m_Layer: 0
  m_Name: Tail_02
  m_TagString: Untagged
  m_Icon: {fileID: 0}
  m_NavMeshLayer: 0
  m_StaticEditorFlags: 0
  m_IsActive: 1
--- !u!4 &5700819452398760999
Transform:
  m_ObjectHideFlags: 0
  m_CorrespondingSourceObject: {fileID: 0}
  m_PrefabInstance: {fileID: 0}
  m_PrefabAsset: {fileID: 0}
  m_GameObject: {fileID: 5700819452398594119}
  m_LocalRotation: {x: -0.000000057997003, y: -0.08790893, z: 0.000000017805574, w: 0.99612856}
  m_LocalPosition: {x: -0.11506776, y: 0.000000008687372, z: 0.00000005364418}
  m_LocalScale: {x: 0.99999994, y: 1, z: 0.9999998}
  m_Children:
  - {fileID: 5700819452398760997}
  m_Father: {fileID: 5700819452398760993}
  m_RootOrder: 0
  m_LocalEulerAnglesHint: {x: 0.23828086, y: -22.346613, z: 2.785982}
--- !u!1 &5700819452398594121
GameObject:
  m_ObjectHideFlags: 0
  m_CorrespondingSourceObject: {fileID: 0}
  m_PrefabInstance: {fileID: 0}
  m_PrefabAsset: {fileID: 0}
  serializedVersion: 6
  m_Component:
  - component: {fileID: 5700819452398761001}
  m_Layer: 0
  m_Name: Hips
  m_TagString: Untagged
  m_Icon: {fileID: 0}
  m_NavMeshLayer: 0
  m_StaticEditorFlags: 0
  m_IsActive: 1
--- !u!4 &5700819452398761001
Transform:
  m_ObjectHideFlags: 0
  m_CorrespondingSourceObject: {fileID: 0}
  m_PrefabInstance: {fileID: 0}
  m_PrefabAsset: {fileID: 0}
  m_GameObject: {fileID: 5700819452398594121}
  m_LocalRotation: {x: 0.031873208, y: -0.031871926, z: 0.7063881, w: 0.70638806}
  m_LocalPosition: {x: -0, y: 0.3591348, z: 0.6832966}
  m_LocalScale: {x: 0.99999976, y: 1, z: 0.99997795}
  m_Children:
  - {fileID: 5700819452398760969}
  - {fileID: 5700819452398760975}
  - {fileID: 5700819452398761007}
  - {fileID: 5700819452398760993}
  - {fileID: 5700819452398761051}
  m_Father: {fileID: 5700819452398760987}
  m_RootOrder: 8
  m_LocalEulerAnglesHint: {x: 0.7001376, y: 0.00010416723, z: 90.00001}
--- !u!1 &5700819452398594123
GameObject:
  m_ObjectHideFlags: 0
  m_CorrespondingSourceObject: {fileID: 0}
  m_PrefabInstance: {fileID: 0}
  m_PrefabAsset: {fileID: 0}
  serializedVersion: 6
  m_Component:
  - component: {fileID: 5700819452398761003}
  m_Layer: 0
  m_Name: Head
  m_TagString: Untagged
  m_Icon: {fileID: 0}
  m_NavMeshLayer: 0
  m_StaticEditorFlags: 0
  m_IsActive: 1
--- !u!4 &5700819452398761003
Transform:
  m_ObjectHideFlags: 0
  m_CorrespondingSourceObject: {fileID: 0}
  m_PrefabInstance: {fileID: 0}
  m_PrefabAsset: {fileID: 0}
  m_GameObject: {fileID: 5700819452398594123}
  m_LocalRotation: {x: 0.00000031649256, y: -0.43994042, z: -0.00000010488667, w: 0.89802694}
  m_LocalPosition: {x: -0.34017274, y: 0.00000002568235, z: -0.000000017881392}
  m_LocalScale: {x: 1, y: 1, z: 0.99999994}
  m_Children:
  - {fileID: 5700819452398761005}
  - {fileID: 5700819452398760995}
  m_Father: {fileID: 5700819452398760961}
  m_RootOrder: 2
  m_LocalEulerAnglesHint: {x: -0.24228561, y: -42.636612, z: -0.018830419}
--- !u!1 &5700819452398594125
GameObject:
  m_ObjectHideFlags: 0
  m_CorrespondingSourceObject: {fileID: 0}
  m_PrefabInstance: {fileID: 0}
  m_PrefabAsset: {fileID: 0}
  serializedVersion: 6
  m_Component:
  - component: {fileID: 5700819452398761005}
  m_Layer: 0
  m_Name: Mouth
  m_TagString: Untagged
  m_Icon: {fileID: 0}
  m_NavMeshLayer: 0
  m_StaticEditorFlags: 0
  m_IsActive: 1
--- !u!4 &5700819452398761005
Transform:
  m_ObjectHideFlags: 0
  m_CorrespondingSourceObject: {fileID: 0}
  m_PrefabInstance: {fileID: 0}
  m_PrefabAsset: {fileID: 0}
  m_GameObject: {fileID: 5700819452398594125}
  m_LocalRotation: {x: -0.00000014610491, y: 0.06112812, z: -2.2548523e-13, w: 0.9981299}
  m_LocalPosition: {x: -0.33252582, y: 0.000000015784266, z: -0.06172449}
  m_LocalScale: {x: 0.99999994, y: 1, z: 0.99999994}
  m_Children: []
  m_Father: {fileID: 5700819452398761003}
  m_RootOrder: 0
  m_LocalEulerAnglesHint: {x: -0.00001710926, y: 7.0091352, z: -0.0000013040634}
--- !u!1 &5700819452398594127
GameObject:
  m_ObjectHideFlags: 0
  m_CorrespondingSourceObject: {fileID: 0}
  m_PrefabInstance: {fileID: 0}
  m_PrefabAsset: {fileID: 0}
  serializedVersion: 6
  m_Component:
  - component: {fileID: 5700819452398761007}
  m_Layer: 0
  m_Name: Middle_Spine
  m_TagString: Untagged
  m_Icon: {fileID: 0}
  m_NavMeshLayer: 0
  m_StaticEditorFlags: 0
  m_IsActive: 1
--- !u!4 &5700819452398761007
Transform:
  m_ObjectHideFlags: 0
  m_CorrespondingSourceObject: {fileID: 0}
  m_PrefabInstance: {fileID: 0}
  m_PrefabAsset: {fileID: 0}
  m_GameObject: {fileID: 5700819452398594127}
  m_LocalRotation: {x: -0.0000009864118, y: -0.013890849, z: 0.00000001159091, w: 0.99990356}
  m_LocalPosition: {x: -0.271312, y: 0.000000020483485, z: -0.0000000033527612}
  m_LocalScale: {x: 0.9999999, y: 1, z: 0.9999999}
  m_Children:
  - {fileID: 5700819452398760961}
  m_Father: {fileID: 5700819452398761001}
  m_RootOrder: 2
  m_LocalEulerAnglesHint: {x: -0.23552431, y: -14.513765, z: -0.70445156}
--- !u!1 &5700819452398594129
GameObject:
  m_ObjectHideFlags: 0
  m_CorrespondingSourceObject: {fileID: 0}
  m_PrefabInstance: {fileID: 0}
  m_PrefabAsset: {fileID: 0}
  serializedVersion: 6
  m_Component:
  - component: {fileID: 5700819452398761009}
  m_Layer: 0
  m_Name: Front_Shin_R
  m_TagString: Untagged
  m_Icon: {fileID: 0}
  m_NavMeshLayer: 0
  m_StaticEditorFlags: 0
  m_IsActive: 1
--- !u!4 &5700819452398761009
Transform:
  m_ObjectHideFlags: 0
  m_CorrespondingSourceObject: {fileID: 0}
  m_PrefabInstance: {fileID: 0}
  m_PrefabAsset: {fileID: 0}
  m_GameObject: {fileID: 5700819452398594129}
  m_LocalRotation: {x: 0.026861183, y: 0.21479854, z: -0.07254678, w: 0.9735898}
  m_LocalPosition: {x: -0.31273326, y: 0.000000036321577, z: -0.00000000949949}
  m_LocalScale: {x: 1.0000001, y: 1.0000001, z: 1}
  m_Children: []
  m_Father: {fileID: 5700819452398761013}
  m_RootOrder: 0
  m_LocalEulerAnglesHint: {x: 16.23793, y: 73.97201, z: -17.58037}
--- !u!1 &5700819452398594131
GameObject:
  m_ObjectHideFlags: 0
  m_CorrespondingSourceObject: {fileID: 0}
  m_PrefabInstance: {fileID: 0}
  m_PrefabAsset: {fileID: 0}
  serializedVersion: 6
  m_Component:
  - component: {fileID: 5700819452398761011}
  m_Layer: 0
  m_Name: Front_Shin_L
  m_TagString: Untagged
  m_Icon: {fileID: 0}
  m_NavMeshLayer: 0
  m_StaticEditorFlags: 0
  m_IsActive: 1
--- !u!4 &5700819452398761011
Transform:
  m_ObjectHideFlags: 0
  m_CorrespondingSourceObject: {fileID: 0}
  m_PrefabInstance: {fileID: 0}
  m_PrefabAsset: {fileID: 0}
  m_GameObject: {fileID: 5700819452398594131}
  m_LocalRotation: {x: -0.0067759147, y: 0.2074062, z: 0.03193879, w: 0.97770995}
  m_LocalPosition: {x: -0.31171036, y: 0.00000001899898, z: -0.000000025704502}
  m_LocalScale: {x: 1, y: 0.9999999, z: 1}
  m_Children: []
  m_Father: {fileID: 5700819452398761015}
  m_RootOrder: 0
  m_LocalEulerAnglesHint: {x: -7.3906417, y: 77.45273, z: 8.301496}
--- !u!1 &5700819452398594133
GameObject:
  m_ObjectHideFlags: 0
  m_CorrespondingSourceObject: {fileID: 0}
  m_PrefabInstance: {fileID: 0}
  m_PrefabAsset: {fileID: 0}
  serializedVersion: 6
  m_Component:
  - component: {fileID: 5700819452398761013}
  m_Layer: 0
  m_Name: Front_Thigh_R
  m_TagString: Untagged
  m_Icon: {fileID: 0}
  m_NavMeshLayer: 0
  m_StaticEditorFlags: 0
  m_IsActive: 1
--- !u!4 &5700819452398761013
Transform:
  m_ObjectHideFlags: 0
  m_CorrespondingSourceObject: {fileID: 0}
  m_PrefabInstance: {fileID: 0}
  m_PrefabAsset: {fileID: 0}
  m_GameObject: {fileID: 5700819452398594133}
  m_LocalRotation: {x: -0.028592238, y: -0.8198831, z: 0.03796173, w: 0.57055515}
  m_LocalPosition: {x: -0.120868236, y: -0.21290854, z: -0.055212975}
  m_LocalScale: {x: 1.0000001, y: 0.9999999, z: 1}
  m_Children:
  - {fileID: 5700819452398761009}
  m_Father: {fileID: 5700819452398760961}
  m_RootOrder: 1
  m_LocalEulerAnglesHint: {x: 2.1809068, y: -121.706375, z: 11.130904}
--- !u!1 &5700819452398594135
GameObject:
  m_ObjectHideFlags: 0
  m_CorrespondingSourceObject: {fileID: 0}
  m_PrefabInstance: {fileID: 0}
  m_PrefabAsset: {fileID: 0}
  serializedVersion: 6
  m_Component:
  - component: {fileID: 5700819452398761015}
  m_Layer: 0
  m_Name: Front_Thigh_L
  m_TagString: Untagged
  m_Icon: {fileID: 0}
  m_NavMeshLayer: 0
  m_StaticEditorFlags: 0
  m_IsActive: 1
--- !u!4 &5700819452398761015
Transform:
  m_ObjectHideFlags: 0
  m_CorrespondingSourceObject: {fileID: 0}
  m_PrefabInstance: {fileID: 0}
  m_PrefabAsset: {fileID: 0}
  m_GameObject: {fileID: 5700819452398594135}
  m_LocalRotation: {x: 0.03043952, y: -0.8093572, z: -0.017455095, w: 0.5862676}
  m_LocalPosition: {x: -0.1208682, y: 0.21290857, z: -0.055212706}
  m_LocalScale: {x: 0.9999998, y: 0.99999994, z: 1}
  m_Children:
  - {fileID: 5700819452398761011}
  m_Father: {fileID: 5700819452398760961}
  m_RootOrder: 0
  m_LocalEulerAnglesHint: {x: -2.9561906, y: -121.532616, z: -5.8868017}
--- !u!1 &5700819452398594137
GameObject:
  m_ObjectHideFlags: 0
  m_CorrespondingSourceObject: {fileID: 0}
  m_PrefabInstance: {fileID: 0}
  m_PrefabAsset: {fileID: 0}
  serializedVersion: 6
  m_Component:
  - component: {fileID: 5700819452398761017}
  m_Layer: 0
  m_Name: Front_Foot_Pole_L
  m_TagString: Untagged
  m_Icon: {fileID: 0}
  m_NavMeshLayer: 0
  m_StaticEditorFlags: 0
  m_IsActive: 1
--- !u!4 &5700819452398761017
Transform:
  m_ObjectHideFlags: 0
  m_CorrespondingSourceObject: {fileID: 0}
  m_PrefabInstance: {fileID: 0}
  m_PrefabAsset: {fileID: 0}
  m_GameObject: {fileID: 5700819452398594137}
  m_LocalRotation: {x: 0.50000006, y: 0.49999997, z: -0.49999997, w: 0.50000006}
  m_LocalPosition: {x: -0.23483635, y: -0.1877717, z: 0.07062622}
  m_LocalScale: {x: 1, y: 1, z: 1}
  m_Children: []
  m_Father: {fileID: 5700819452398760987}
  m_RootOrder: 6
  m_LocalEulerAnglesHint: {x: 90, y: 89.99998, z: 0}
--- !u!1 &5700819452398594139
GameObject:
  m_ObjectHideFlags: 0
  m_CorrespondingSourceObject: {fileID: 0}
  m_PrefabInstance: {fileID: 0}
  m_PrefabAsset: {fileID: 0}
  serializedVersion: 6
  m_Component:
  - component: {fileID: 5700819452398761019}
  m_Layer: 0
  m_Name: Front_Foot_L
  m_TagString: Untagged
  m_Icon: {fileID: 0}
  m_NavMeshLayer: 0
  m_StaticEditorFlags: 0
  m_IsActive: 1
--- !u!4 &5700819452398761019
Transform:
  m_ObjectHideFlags: 0
  m_CorrespondingSourceObject: {fileID: 0}
  m_PrefabInstance: {fileID: 0}
  m_PrefabAsset: {fileID: 0}
  m_GameObject: {fileID: 5700819452398594139}
  m_LocalRotation: {x: 0.46724644, y: 0.006668167, z: 0.88409495, w: -0.003524228}
  m_LocalPosition: {x: -0.000000017729652, y: -6.829608e-10, z: 0}
  m_LocalScale: {x: 0.99999994, y: 0.99999994, z: 0.9999999}
  m_Children: []
  m_Father: {fileID: 5700819452398760967}
  m_RootOrder: 0
  m_LocalEulerAnglesHint: {x: -0.8642813, y: 55.71313, z: -179.99998}
--- !u!1 &5700819452398594141
GameObject:
  m_ObjectHideFlags: 0
  m_CorrespondingSourceObject: {fileID: 0}
  m_PrefabInstance: {fileID: 0}
  m_PrefabAsset: {fileID: 0}
  serializedVersion: 6
  m_Component:
  - component: {fileID: 5700819452398761021}
  m_Layer: 0
  m_Name: Front_Foot_R
  m_TagString: Untagged
  m_Icon: {fileID: 0}
  m_NavMeshLayer: 0
  m_StaticEditorFlags: 0
  m_IsActive: 1
--- !u!4 &5700819452398761021
Transform:
  m_ObjectHideFlags: 0
  m_CorrespondingSourceObject: {fileID: 0}
  m_PrefabInstance: {fileID: 0}
  m_PrefabAsset: {fileID: 0}
  m_GameObject: {fileID: 5700819452398594141}
  m_LocalRotation: {x: 0.45655382, y: -0.039420668, z: 0.888789, w: 0.007669752}
  m_LocalPosition: {x: 0.011422258, y: -0.0027452232, z: 0.00000013411044}
  m_LocalScale: {x: 0.99999976, y: 1, z: 0.9999998}
  m_Children: []
  m_Father: {fileID: 5700819452398760965}
  m_RootOrder: 0
  m_LocalEulerAnglesHint: {x: 4.4205494, y: 54.426987, z: -178.71483}
--- !u!1 &5700819452398594143
GameObject:
  m_ObjectHideFlags: 0
  m_CorrespondingSourceObject: {fileID: 0}
  m_PrefabInstance: {fileID: 0}
  m_PrefabAsset: {fileID: 0}
  serializedVersion: 6
  m_Component:
  - component: {fileID: 5700819452398761023}
  m_Layer: 0
  m_Name: Front_Foot_Pole_R
  m_TagString: Untagged
  m_Icon: {fileID: 0}
  m_NavMeshLayer: 0
  m_StaticEditorFlags: 0
  m_IsActive: 1
--- !u!4 &5700819452398761023
Transform:
  m_ObjectHideFlags: 0
  m_CorrespondingSourceObject: {fileID: 0}
  m_PrefabInstance: {fileID: 0}
  m_PrefabAsset: {fileID: 0}
  m_GameObject: {fileID: 5700819452398594143}
  m_LocalRotation: {x: 0.50000006, y: 0.49999997, z: -0.49999997, w: 0.50000006}
  m_LocalPosition: {x: 0.23483635, y: -0.19026248, z: 0.06989378}
  m_LocalScale: {x: 1, y: 1, z: 1}
  m_Children: []
  m_Father: {fileID: 5700819452398760987}
  m_RootOrder: 7
  m_LocalEulerAnglesHint: {x: 90, y: 89.99998, z: 0}
--- !u!1 &5700819452398594171
GameObject:
  m_ObjectHideFlags: 0
  m_CorrespondingSourceObject: {fileID: 0}
  m_PrefabInstance: {fileID: 0}
  m_PrefabAsset: {fileID: 0}
  serializedVersion: 6
  m_Component:
  - component: {fileID: 5700819452398761051}
  m_Layer: 0
  m_Name: Tail_IK
  m_TagString: Untagged
  m_Icon: {fileID: 0}
  m_NavMeshLayer: 0
  m_StaticEditorFlags: 0
  m_IsActive: 1
--- !u!4 &5700819452398761051
Transform:
  m_ObjectHideFlags: 0
  m_CorrespondingSourceObject: {fileID: 0}
  m_PrefabInstance: {fileID: 0}
  m_PrefabAsset: {fileID: 0}
  m_GameObject: {fileID: 5700819452398594171}
  m_LocalRotation: {x: 0.045075458, y: 0.00000090329047, z: 0.9989836, w: 0.00000009199424}
  m_LocalPosition: {x: 0.089785054, y: -0.0000006449479, z: -0.35146803}
  m_LocalScale: {x: 0.9999999, y: 1, z: 0.99999315}
  m_Children: []
  m_Father: {fileID: 5700819452398761001}
  m_RootOrder: 4
  m_LocalEulerAnglesHint: {x: -0.00010186461, y: 5.167016, z: 179.99998}
--- !u!1 &5751556184271397582
GameObject:
  m_ObjectHideFlags: 0
  m_CorrespondingSourceObject: {fileID: 0}
  m_PrefabInstance: {fileID: 0}
  m_PrefabAsset: {fileID: 0}
  serializedVersion: 6
  m_Component:
  - component: {fileID: 3709079345095732503}
  - component: {fileID: 736087109456362505}
  m_Layer: 0
  m_Name: AttackPoint
  m_TagString: Untagged
  m_Icon: {fileID: 0}
  m_NavMeshLayer: 0
  m_StaticEditorFlags: 0
  m_IsActive: 0
--- !u!4 &3709079345095732503
Transform:
  m_ObjectHideFlags: 0
  m_CorrespondingSourceObject: {fileID: 0}
  m_PrefabInstance: {fileID: 0}
  m_PrefabAsset: {fileID: 0}
  m_GameObject: {fileID: 5751556184271397582}
  m_LocalRotation: {x: 0, y: 0, z: 0, w: 1}
  m_LocalPosition: {x: 0, y: 0, z: 0}
  m_LocalScale: {x: 1, y: 1, z: 1}
  m_Children: []
  m_Father: {fileID: 5700819452398760995}
  m_RootOrder: 0
  m_LocalEulerAnglesHint: {x: 0, y: 0, z: 0}
--- !u!114 &736087109456362505
MonoBehaviour:
  m_ObjectHideFlags: 0
  m_CorrespondingSourceObject: {fileID: 0}
  m_PrefabInstance: {fileID: 0}
  m_PrefabAsset: {fileID: 0}
  m_GameObject: {fileID: 5751556184271397582}
  m_Enabled: 1
  m_EditorHideFlags: 0
  m_Script: {fileID: 11500000, guid: 090d86bc689861149a4d8f7a44e0ad93, type: 3}
  m_Name: 
  m_EditorClassIdentifier: 
  damage: 15
  radius: 1
  layerMack:
    serializedVersion: 2
    m_Bits: 2048
--- !u!1 &8110899897913468351
GameObject:
  m_ObjectHideFlags: 0
  m_CorrespondingSourceObject: {fileID: 0}
  m_PrefabInstance: {fileID: 0}
  m_PrefabAsset: {fileID: 0}
  serializedVersion: 6
  m_Component:
  - component: {fileID: 5167007415501655687}
  - component: {fileID: 6766733797907176726}
  - component: {fileID: 6759075062075645153}
  m_Layer: 10
  m_Name: BoarSound
  m_TagString: Untagged
  m_Icon: {fileID: 0}
  m_NavMeshLayer: 0
  m_StaticEditorFlags: 0
  m_IsActive: 1
--- !u!4 &5167007415501655687
Transform:
  m_ObjectHideFlags: 0
  m_CorrespondingSourceObject: {fileID: 0}
  m_PrefabInstance: {fileID: 0}
  m_PrefabAsset: {fileID: 0}
  m_GameObject: {fileID: 8110899897913468351}
  m_LocalRotation: {x: 0, y: 0, z: 0, w: 1}
  m_LocalPosition: {x: 0, y: 0, z: 0}
  m_LocalScale: {x: 1, y: 1, z: 1}
  m_Children: []
  m_Father: {fileID: 5700819452398760973}
  m_RootOrder: 2
  m_LocalEulerAnglesHint: {x: 0, y: 0, z: 0}
--- !u!114 &6766733797907176726
MonoBehaviour:
  m_ObjectHideFlags: 0
  m_CorrespondingSourceObject: {fileID: 0}
  m_PrefabInstance: {fileID: 0}
  m_PrefabAsset: {fileID: 0}
  m_GameObject: {fileID: 8110899897913468351}
  m_Enabled: 1
  m_EditorHideFlags: 0
  m_Script: {fileID: 11500000, guid: 27da23234e4b9c94bb1ececf1fea14d0, type: 3}
  m_Name: 
  m_EditorClassIdentifier: 
  scream_Clip: {fileID: 8300000, guid: f4a80f10158aacd49b07db294cecea11, type: 3}
  die_Clip: {fileID: 8300000, guid: 9dfe9c2152493dc47850519fe7733083, type: 3}
  attack_Clips:
  - {fileID: 8300000, guid: 33504f03e1fb5ba4eb187fc03b32fbcf, type: 3}
  - {fileID: 8300000, guid: 21970782e4c9cc848a7e779c1a65e26e, type: 3}
  - {fileID: 8300000, guid: b5ba2cde8fb44044ab2fc45ad86845a0, type: 3}
  - {fileID: 8300000, guid: cf0d36d8619e3314b8f8dfd7c6d99f9e, type: 3}
  - {fileID: 8300000, guid: c522eb4f6584ecf43945ac84a6e08986, type: 3}
--- !u!82 &6759075062075645153
AudioSource:
  m_ObjectHideFlags: 0
  m_CorrespondingSourceObject: {fileID: 0}
  m_PrefabInstance: {fileID: 0}
  m_PrefabAsset: {fileID: 0}
  m_GameObject: {fileID: 8110899897913468351}
  m_Enabled: 1
  serializedVersion: 4
  OutputAudioMixerGroup: {fileID: 0}
  m_audioClip: {fileID: 0}
  m_PlayOnAwake: 0
  m_Volume: 1
  m_Pitch: 1
  Loop: 0
  Mute: 0
  Spatialize: 0
  SpatializePostEffects: 0
  Priority: 128
  DopplerLevel: 1
  MinDistance: 1
  MaxDistance: 500
  Pan2D: 0
  rolloffMode: 0
  BypassEffects: 0
  BypassListenerEffects: 0
  BypassReverbZones: 0
  rolloffCustomCurve:
    serializedVersion: 2
    m_Curve:
    - serializedVersion: 3
      time: 0
      value: 1
      inSlope: 0
      outSlope: 0
      tangentMode: 0
      weightedMode: 0
      inWeight: 0.33333334
      outWeight: 0.33333334
    - serializedVersion: 3
      time: 1
      value: 0
      inSlope: 0
      outSlope: 0
      tangentMode: 0
      weightedMode: 0
      inWeight: 0.33333334
      outWeight: 0.33333334
    m_PreInfinity: 2
    m_PostInfinity: 2
    m_RotationOrder: 4
  panLevelCustomCurve:
    serializedVersion: 2
    m_Curve:
    - serializedVersion: 3
      time: 0
      value: 0
      inSlope: 0
      outSlope: 0
      tangentMode: 0
      weightedMode: 0
      inWeight: 0.33333334
      outWeight: 0.33333334
    m_PreInfinity: 2
    m_PostInfinity: 2
    m_RotationOrder: 4
  spreadCustomCurve:
    serializedVersion: 2
    m_Curve:
    - serializedVersion: 3
      time: 0
      value: 0
      inSlope: 0
      outSlope: 0
      tangentMode: 0
      weightedMode: 0
      inWeight: 0.33333334
      outWeight: 0.33333334
    m_PreInfinity: 2
    m_PostInfinity: 2
    m_RotationOrder: 4
  reverbZoneMixCustomCurve:
    serializedVersion: 2
    m_Curve:
    - serializedVersion: 3
      time: 0
      value: 1
      inSlope: 0
      outSlope: 0
      tangentMode: 0
      weightedMode: 0
      inWeight: 0.33333334
      outWeight: 0.33333334
    m_PreInfinity: 2
    m_PostInfinity: 2
    m_RotationOrder: 4
